%% This BibTeX bibliography file was created using BibDesk.
%% http://bibdesk.sourceforge.net/

%% Created for charlesm at 2017-09-03 19:25:35 -0400 


%% Saved with string encoding Unicode (UTF-8) 

@article{Betancourt:2017,
	Author = {Betancourt, Michael},
	Journal = {arXiv:1701.02434v1},
	Month = {January},
	Title = {A Conceptual Introduction to Hamiltonian Monte Carlo},
	Year = {2017}}

@article{Hoffman:2014,
	Author = {Hoffman, Matthew D. and Gelman, Andrew},
	Journal = {Journal of Machine Learning Research},
	Month = {April},
	Pages = {1593-1623},
	Title = {The No-U-Turn Sampler: Adaptively Setting Path Lengths in Hamiltonian Monte Carlo},
	Year = {2014}}

@book{Gelman:2013,
              Author = {Gelman, Andrew and Carlin, John B and Stern, Hal S and Dunson, David B and Vehtari, Aki and Rubin, Donald B},
              Title = {Bayesian Data Analysis},
              Publisher = {Chapman \& Hall},
              Year = {2013}}
  
@article{Gabry:2017,
              author = {Gabry, Jonah and Simpson, Daniel and Vehtari, Aki and Betancourt, Michael and Gelman, Andrew},
              title = {Visualization in Bayesian workflow},
              Journal = {Royal Journal of Statistics, section A},
              volume = {182},
              pages = {1 -14},
              year = 2018}
              
 @article{Betancourt:2018,
              author = {Betancourt, Michael},
              title = {Towards a principled Bayesian workflow},
              year = {2018},
              month = {October},
              url = {https://betanalpha.github.io/assets/case\_studies/principled\_bayesian\_workflow.html}}
              
@article{Blei:2014,
              author = {Blei, David},
              title = {Build, Compute, Critique, Repeat: Data Analysis with Latent Variable Models},
              year = {2014},
              journal = {Annual Review of Statistics and Its Application},
              Volume = {1},
              page = {203 - 232},
              doi = {https://doi.org/10.1146/annurev-statistics-022513-115657}}
     
     
@article{Betancourt:2015,
              author = {Betancourt, Michael and Girolmi, Mark},
              title = {Hamiltonian Monte Carlo for Hierarchical Models},
              Journal = {Current trends in Bayesian methodology with applications},
              Volume = {79},
              year = {2015}
              }
              
@article{Efron:1975,
              author = {Efron, Brad and Morris, Carl},
              title = {Data analysis using Stein?s estimator and its generalizations},
              journal = {Journal of the American Statistical Association},
              year = {1975},
              volume = {70}}

@article{Neil:2003,
              author = {Neil, Radford M},
              year = {2003},
              title = {Slice sampling},
              Journal = {Annals of Statistics},
              volume = {31}}
            
@article{Gelman:2013b,
               author = {Gelman, Andrew and Shalizi, Cosma Rohilla},
               title = {Philosophy and the practice of Bayesian analysis},
               journal = {British Journal of Mathematical and Statistical Psychology},
               year = {2013},
               Volume = {66}}
               
@article{Margossian:2019,
              author = {Margossian, Charles C},
              title = {A Review of automatic differentiation and its efficient implementation},
              journal = {WIREs Data Mining and Knowledge},
              year = {2019},
              url = {https://arxiv.org/abs/1811.05031}}              

@article{Carpenter:2015,
	Author = {Carpenter, Bob and Hoffman, Matthew D. and Brubaker, Marcus A. and Lee, Daniel and Li, Peter and Betancourt, Michael J.},
	Date-Added = {2017-09-03 23:20:00 +0000},
	Date-Modified = {2017-09-03 23:20:00 +0000},
	Journal = {arXiv 1509.07164.},
	Title = {The Stan Math Library: Reverse-Mode Automatic Differentiation in C++},
	Year = {2015}}              
              
@conference{Margossian:2017,
	Address = {http://mc-stan.org/events/stancon2017-notebooks/stancon2017-margossian-gillespie-ode.html},
	Author = {Margossian, Charles C. and Gillespie, William R},
	Booktitle = {Stan Conference},
	Date-Added = {2017-09-03 23:20:00 +0000},
	Date-Modified = {2017-09-03 23:20:00 +0000},
	Month = {January},
	Title = {Differential Equations Based Models in Stan},
	Year = {2017}}

@article{Friberg:2002,
	Author = {Friberg, L. E. and Henningsson, A. and Maas, H. and Nguyen, L. and Karlsson, M. O.},
	Date-Added = {2008-12-31 15:24:57 +0000},
	Journal = {J Clin Oncol},
	Number = {24},
	Pages = {4713-21},
	Title = {Model of chemotherapy-induced myelosuppression with parameter consistency across drugs},
	Volume = {20},
	Year = {2002}}
	
@conference{Margossian:2017b,
	Author = {Margossian, Charles C and Gillespie, William R},
	Booktitle = {Journal of Pharmacokinetics and Pharmacodynamics},
	Month = {October},
	Title = {Gaining Efficiency by Combining Analytical and Numerical Methods to Solve ODEs: Implementation in Stan and Application to Bayesian PK/PD},
	Volume = {44},
	Year = {2017}}              

@article{Weber:2018,
         title = {Bayesian aggregation of average data: an application in drug development},
         author = {Weber, Sebastian and Gelman, Andrew and Lee, Daniel and Betancourt, Michael and Vehtari, Aki and Racine-Poon, Amy},
        journal = {The Annals of applied statistics},
        volume = {12},
        year = {2018}}
       
@article{Peterson:2012,
         title = {Predicting nonlinear changes in bone mineral density over time
                  using a multi scale systems pharmacology model},
         author = {Peterson, MC and Riggs, M},
         year = {2012},
         journal = {CCPT Pharmacometrics, Systems pharmacology},
         doi = {10.1038/psp.2012.15}}
     