
@book{robertson_numerical_1966,
	title = {Numerical analysis, an introduction, chapitre {The} solution of a set of reaction rate equations},
	publisher = {Academic Press},
	author = {Robertson, H. H.},
	year = {1966}
}